<?xml version="1.0" encoding="UTF-8"?><collection xmlns="http://www.loc.gov/MARC21/slim"><record><leader>00517nam--2200181-i-4500</leader><controlfield tag="001">000000002</controlfield><controlfield tag="002">20161230</controlfield><controlfield tag="005">20170116144508</controlfield><controlfield tag="008">060222s1000------------r-----000-0-eng-d</controlfield><datafield ind1=" " ind2=" " tag="040"><subfield code="a">IFIN-HH</subfield></datafield><datafield ind1=" " ind2=" " tag="080"><subfield code="a">532.2</subfield></datafield><datafield ind1="1" ind2=" " tag="100"><subfield code="a">Frisch, H.L</subfield></datafield><datafield ind1="1" ind2="0" tag="245"><subfield code="a">The Equilibrium of Classical Fluids</subfield><subfield code="b">A Lecture Note and Reprint Volume</subfield><subfield code="c">H.L. Frisch, J.L. Lebowitz</subfield></datafield><datafield ind1=" " ind2=" " tag="260"><subfield code="a">New York</subfield><subfield code="b">W.A.Benjamin, Inc</subfield><subfield code="c">1964</subfield></datafield><datafield ind1=" " ind2=" " tag="300"><subfield code="a">XIII + /p.dif.</subfield></datafield><datafield ind1="1" ind2=" " tag="700"><subfield code="a">Lebowitz, Joel L</subfield></datafield><datafield ind1=" " ind2=" " tag="852"><subfield code="a">76845</subfield><subfield code="c">532</subfield></datafield><datafield ind1=" " ind2=" " tag="CAT"><subfield code="a">SYS</subfield><subfield code="c">20170116</subfield><subfield code="h">144508</subfield></datafield></record></collection>